<?xml version="1.0" encoding="UTF-8"?><collection xmlns="http://www.loc.gov/MARC21/slim"><record><leader>00449nam--2200157-i-4500</leader><controlfield tag="001">000013620</controlfield><controlfield tag="002">20161230</controlfield><controlfield tag="005">20170212003110</controlfield><controlfield tag="008">060222s1000------------r-----000-0-eng-d</controlfield><datafield ind1=" " ind2=" " tag="080"><subfield code="a">519.688(061.3)</subfield></datafield><datafield ind1=" " ind2=" " tag="245"><subfield code="a">Computer aided design of control systems</subfield></datafield><datafield ind1=" " ind2=" " tag="260"><subfield code="a">Oxford</subfield><subfield code="b">International Federation Of Automatic Control By Pergamon Press</subfield><subfield code="c">1980</subfield></datafield><datafield ind1=" " ind2=" " tag="300"><subfield code="a">XIII + 688 p</subfield></datafield><datafield ind1=" " ind2=" " tag="700"><subfield code="a">Cuenod, M. A</subfield></datafield><datafield ind1=" " ind2=" " tag="852"><subfield code="a">49112</subfield></datafield><datafield ind1=" " ind2=" " tag="CAT"><subfield code="a">SYS</subfield><subfield code="c">20170212</subfield><subfield code="h">003110</subfield></datafield></record></collection>